@misc{bib:ex1-report,
    author          = "Mathias Ose, Jonas Halland, Jonatan Lund",
    title           = "Exercise 1: Multi-Cycle MIPS Processor",
    year            = "2015",
    howpublished    = "\url{https://github.com/mathiasose/TDT4255/raw/master/ex1/report/report.pdf}"
}

@misc{bib:compendium,
    author      = "Computer Architecture and Design Group",
    title       = "Lab Exercises in TDT4255 Computer Design",
    institution = "NTNU",
    year        = "2015-08-26"
}

@misc{bib:hostcomm,
    author          = "Yaman Umuroglu",
    title           = "tdt4255-hostcomm",
    year            = "2014-08-19",
    howpublished    = "\url{https://github.com/maltanar/tdt4255-hostcomm}"
}

%@misc{bib:opencores,
%    author          = {{OpenCores.org}},
%    title           = "{{MIPS opcodes reference}}",
%    year            = "2015",
%    howpublished    = "\url{http://opencores.com/project,plasma,opcodes}"
%}

@book{bib:patt-henn,
    author    = "David A Patterson, John L. Hennessy",
    title     = "Computer Organization and Design, Fifth Edition",
    year      = "2014",
    publisher = "Morgan Kaufmann"
}

