@misc{bib:compendium,
    author      = "Computer Architecture and Design Group",
    title       = "Lab Exercises in TDT4255 Computer Design",
    institution = "NTNU",
    year        = "2015-08-26"
}

@misc{bib:hostcomm,
    author          = "Yaman Umuroglu",
    title           = "tdt4255-hostcomm",
    year            = "2014-08-19",
    howpublished    = "\url{https://github.com/maltanar/tdt4255-hostcomm}"
}

@misc{bib:opencores,
    author          = {{OpenCores.org}},
    title           = "{{MIPS opcodes reference}}",
    year            = "2015",
    howpublished    = "\url{http://opencores.com/project,plasma,opcodes}"
}

